@incollection{Friedman1953-FRITMO-3,
	author = {Milton Friedman},
	pages = {3--43},
	year = {1953},
	title = {The Methodology of Positive Economics},
	editor = {Milton Friedman},
	booktitle = {Essays in Positive Economics},
	publisher = {University of Chicago Press}
}